@ARTICLE{Rospocher2015,
AUTHOR="Marco Rospocher, Marieke van Erp, Piek Vossen, Antske Fokkens, Itziar Aldabe, German Rigau, Aitor Soroa, Thomas Ploeger, Tessel Bogaard",
TITLE="Building event-centric knowledge graphs from news",
JOURNAL="Journal of Web Semantics",
YEAR=2016
}